@article{ioffe2015batch,
title={Batch Normalization: Accelerating Deep Network Training by Reducing Internal Covariate Shift},
author={Ioffe, Sergey and Szegedy, Christian},
journal={arXiv: Learning},
year={2015}}
@article{springenberg2014striving,
title={Striving for Simplicity: The All Convolutional Net},
author={Springenberg, Jost Tobias and Dosovitskiy, Alexey and Brox, Thomas and Riedmiller, Martin},
journal={arXiv: Learning},
year={2014}}
@article{goodfellow2014generative,
title={Generative Adversarial Nets},
author={Goodfellow, Ian and Pougetabadie, Jean and Mirza, Mehdi and Xu, Bing and Wardefarley, David and Ozair, Sherjil and Courville, Aaron and Bengio, Yoshua},
pages={2672--2680},
year={2014}}
@article{radford2015unsupervised,
title={Unsupervised Representation Learning with Deep Convolutional Generative Adversarial Networks},
author={Radford, Alec and Metz, Luke and Chintala, Soumith},
journal={arXiv: Learning},
year={2015}}